@INPROCEEDINGS{6827714, 
author={M. {Rajiullah} and R. {Lundin} and A. {Brunstrom} and S. {Lindskog}}, 
booktitle={2011 Third International Workshop on Security and Communication Networks (IWSCN)}, 
title={Syslog performance: Data modeling and transport}, 
year={2011}, 
volume={}, 
number={}, 
pages={31-37}, 
keywords={data models;transport protocols;syslog performance;data modeling;event logging;computer networks;system auditing;malicious activities;syslog messages;unreliable transport protocol UDP;syslog specification;reliable transport service;TCP;trading reliability;syslog traces;PR-SCTP performance;syslog data size characteristics;Reliability;Protocols;Receivers;Databases;Computer network reliability;Delays;Servers}, 
doi={10.1109/IWSCN.2011.6827714}, 
ISSN={}, 
month={May},}